@comment Introduction
@inproceedings{onlinePassiveLearning,
	title={Online passive learning of timed automata for cyber-physical production systems},
	author={Maier, Alexander},
	booktitle={2014 12th IEEE International Conference on Industrial Informatics (INDIN)},
	pages={60--66},
	year={2014},
	organization={IEEE}
}

@Comment Background
@inproceedings{timedAutomata,
	title={Timed automata},
	author={Alur, Rajeev},
	booktitle={International Conference on Computer Aided Verification},
	pages={8--22},
	year={1999},
	organization={Springer}
}

@article{probabilisticTimedAutomata,
	title={Automatic verification of real-time systems with discrete probability distributions},
	author={Kwiatkowska, Marta and Norman, Gethin and Segala, Roberto and Sproston, Jeremy},
	journal={Theoretical Computer Science},
	volume={282},
	number={1},
	pages={101--150},
	year={2002},
	publisher={Elsevier}
}

@article{uppaalNutshell,
	title={UPPAAL in a nutshell},
	author={Larsen, Kim G and Pettersson, Paul and Yi, Wang},
	journal={International Journal on Software Tools for Technology Transfer (STTT)},
	volume={1},
	number={1},
	pages={134--152},
	year={1997},
	publisher={Springer}
}

@article{uppaalSmcTutorial,
	title={Uppaal SMC tutorial},
	author={David, Alexandre and Larsen, Kim G and Legay, Axel and Miku{\v{c}}ionis, Marius and Poulsen, Danny B{\o}gsted},
	journal={International Journal on Software Tools for Technology Transfer},
	volume={17},
	number={4},
	pages={397--415},
	year={2015},
	publisher={Springer}
}
@phdthesis{graphMatching,
	title={Exact and Inexact Methods for Graph Similarity in Structural Pattern Recognition PhD thesis of Vincenzo Carletti.},
	author={Carletti, Vincenzo},
	year={2016},
	school={Universit{\'e} de Caen; Universita degli studi di Salerno}
}

@phdthesis{theGraphMatchingProblem,
	title={The graph matching problem},
	author={Bengoetxea, Endika},
	year={2002},
	school={PhD Thesis}
}

@inproceedings{eucledianDistance,
	title={Distance measures between atoms},
	author={Ramon, Jan and Bruynooghe, Maurice and Van Laer, Wim},
	booktitle={CompulogNet Area Meeting on Computational Logic and Machine Learning},
	pages={35--41},
	year={1998}
}

@misc{esparza2012automata,
	title={Automata theory: An algorithmic approach (Lecture notes)},
	author={Esparza, Javier},
	year={2012},
	publisher={July}
}

@Comment Related Work
@incollection{activeLearning,
	title={Active Automata Learning in Practice},
	author={Howar, Falk and Steffen, Bernhard},
	booktitle={Machine Learning for Dynamic Software Analysis: Potentials and Limits},
	pages={123--148},
	year={2018},
	publisher={Springer}
}

@inproceedings{activeAtuomata,
	title={Introduction to active automata learning from a practical perspective},
	author={Steffen, Bernhard and Howar, Falk and Merten, Maik},
	booktitle={International School on Formal Methods for the Design of Computer, Communication and Software Systems},
	pages={256--296},
	year={2011},
	organization={Springer}
}

@book{optimizationOfAutomata,
	title={Optimization of automata},
	author={Daciuk, Jan},
	year={2014},
	publisher={Gda{\'n}sk University of Technology Publishing House}
}

@article{graphSimilarityScoringMatching,
	title={Graph similarity scoring and matching},
	author={Zager, Laura A and Verghese, George C},
	journal={Applied mathematics letters},f
	volume={21},
	number={1},
	pages={86--94},
	year={2008},
	publisher={Elsevier}
}

@inproceedings{graphSemanticMatching,
	title={S-Match: an algorithm and an implementation of semantic matching},
	author={Giunchiglia, Fausto and Shvaiko, Pavel and Yatskevich, Mikalai},
	booktitle={European semantic web symposium},
	pages={61--75},
	year={2004},
	organization={Springer}
}

@Comment Incremental Learning
@article{kwiatkowska2006performance,
	title={Performance analysis of probabilistic timed automata using digital clocks},
	author={Kwiatkowska, Marta and Norman, Gethin and Parker, David and Sproston, Jeremy},
	journal={Formal Methods in System Design},
	volume={29},
	number={1},
	pages={33--78},
	year={2006},
	publisher={Springer}
}



@article{fortin1996graph,
	title={The graph isomorphism problem},
	author={Fortin, Scott},
	year={1996}
}

@phdthesis{carletti2016exact,
	title={Exact and Inexact Methods for Graph Similarity in Structural Pattern Recognition PhD thesis of Vincenzo Carletti.},
	author={Carletti, Vincenzo},
	year={2016},
	school={Universit{\'e} de Caen; Universita degli studi di Salerno}
}

@article{patternRecognition,
	title={Thirty years of graph matching in pattern recognition},
	author={Conte, Donatello and Foggia, Pasquale and Sansone, Carlo and Vento, Mario},
	journal={International journal of pattern recognition and artificial intelligence},
	volume={18},
	number={03},
	pages={265--298},
	year={2004},
	publisher={World Scientific}
}

@article{losing2018incremental,
	title={Incremental on-line learning: A review and comparison of state of the art algorithms},
	author={Losing, Viktor and Hammer, Barbara and Wersing, Heiko},
	journal={Neurocomputing},
	volume={275},
	pages={1261--1274},
	year={2018},
	publisher={Elsevier}
}

@article{minimizationOfautomata,
	title={Minimization of automata},
	author={Berstel, Jean and Boasson, Luc and Carton, Olivier and Fagnot, Isabelle},
	journal={arXiv preprint arXiv:1010.5318},
	year={2010}
}

@article{bengoetxea2002inexact,
	title={Inexact graph matching by means of estimation of distribution algorithms},
	author={Bengoetxea, Endika and Larranaga, Pedro and Bloch, Isabelle and Perchant, Aymeric and Boeres, Claudia},
	journal={Pattern Recognition},
	volume={35},
	number={12},
	pages={2867--2880},
	year={2002},
	publisher={Elsevier}
}